<record><leader>00000cas a22000007a 4500</leader><controlfield tag="001">13547888</controlfield><controlfield tag="008">860508d19181921iaudn ne      0    0eng d</controlfield><datafield ind1=" " ind2=" " tag="010"><subfield code="a">sn 86060066 </subfield></datafield><datafield ind1=" " ind2=" " tag="040"><subfield code="a">INP</subfield><subfield code="b">eng</subfield><subfield code="c">INP</subfield><subfield code="d">OCLCQ</subfield><subfield code="d">IUL</subfield><subfield code="d">OCLCF</subfield></datafield><datafield ind1="1" ind2=" " tag="029"><subfield code="a">AU@</subfield><subfield code="b">000025808308</subfield></datafield><datafield ind1=" " ind2=" " tag="042"><subfield code="a">msc</subfield></datafield><datafield ind1=" " ind2=" " tag="043"><subfield code="a">n-us-ia</subfield></datafield><datafield ind1="0" ind2=" " tag="130"><subfield code="a">Plain dealer (Creston, Iowa)</subfield></datafield><datafield ind1="1" ind2="4" tag="245"><subfield code="a">The plain dealer.</subfield></datafield><datafield ind1="1" ind2="3" tag="246"><subfield code="a">Daily plain dealer</subfield><subfield code="f">May 22, 1918-&lt;Nov. 30, 1920&gt;</subfield></datafield><datafield ind1="1" ind2="7" tag="246"><subfield code="a">Creston daily plain dealer</subfield><subfield code="f">May 22, 1918-&lt;Nov. 30, 1920&gt;</subfield></datafield><datafield ind1=" " ind2=" " tag="260"><subfield code="a">Creston, Iowa :</subfield><subfield code="b">Plain Dealer Pub. Co.,</subfield><subfield code="c">1918-</subfield></datafield><datafield ind1=" " ind2=" " tag="300"><subfield code="a">v. :</subfield><subfield code="b">ill.</subfield></datafield><datafield ind1=" " ind2=" " tag="310"><subfield code="a">Daily (except Monday)</subfield></datafield><datafield ind1="0" ind2=" " tag="362"><subfield code="a">Vol. 7, no. 8 (May 22, 1918)-</subfield></datafield><datafield ind1="1" ind2=" " tag="362"><subfield code="a">Ceased in 1921.</subfield><subfield code="z">Cf. Bibl. of Iowa newspapers.</subfield></datafield><datafield ind1=" " ind2=" " tag="500"><subfield code="a">Publishers: Plain Dealer Pub. Co., May 22, 1918-&lt;Oct. 11, 1919&gt;; F.E. Sampson, &lt;Nov. 2-30, 1920&gt;.</subfield></datafield><datafield ind1=" " ind2=" " tag="500"><subfield code="a">Editor: M.L. Burt (managing editor), &lt;Nov. 2-30, 1920&gt;.</subfield></datafield><datafield ind1=" " ind2=" " tag="515"><subfield code="a">Issues for July 5 and Sept. 3, 1918, not published.</subfield></datafield><datafield ind1=" " ind2=" " tag="515"><subfield code="a">Occasional errors in numbering.</subfield></datafield><datafield ind1=" " ind2="0" tag="651"><subfield code="a">Creston (Iowa)</subfield><subfield code="v">Newspapers.</subfield></datafield><datafield ind1=" " ind2="0" tag="651"><subfield code="a">Union County (Iowa)</subfield><subfield code="v">Newspapers.</subfield></datafield><datafield ind1=" " ind2="7" tag="651"><subfield code="a">Iowa</subfield><subfield code="z">Creston.</subfield><subfield code="2">fast</subfield><subfield code="0">(OCoLC)fst01218582</subfield></datafield><datafield ind1=" " ind2="7" tag="651"><subfield code="a">Iowa</subfield><subfield code="z">Union County.</subfield><subfield code="2">fast</subfield><subfield code="0">(OCoLC)fst01213219</subfield></datafield><datafield ind1=" " ind2="7" tag="655"><subfield code="a">Newspapers.</subfield><subfield code="2">fast</subfield><subfield code="0">(OCoLC)fst01423814</subfield></datafield><datafield ind1=" " ind2=" " tag="752"><subfield code="a">United States</subfield><subfield code="b">Iowa</subfield><subfield code="c">Union</subfield><subfield code="d">Creston.</subfield></datafield><datafield ind1="0" ind2="0" tag="780"><subfield code="t">Daily plain dealer (Creston, Iowa)</subfield><subfield code="w">(DLC)sn 86060065</subfield><subfield code="w">(OCoLC)13547882</subfield></datafield><datafield ind1="0" ind2="7" tag="785"><subfield code="t">Creston weekly advertiser gazette (Creston, Iowa : 1916)</subfield><subfield code="w">(DLC)sn 86060068</subfield><subfield code="w">(OCoLC)13956794</subfield></datafield><datafield ind1="0" ind2="7" tag="785"><subfield code="t">Creston weekly advertiser gazettee [i.e. gazette]-plain dealer</subfield><subfield code="w">(DLC)sn 86060069</subfield><subfield code="w">(OCoLC)13513353</subfield></datafield></record>